@inproceedings{spack,
    address = {Austin, Texas, USA},
    author = {Gamblin, Todd and LeGendre, Matthew and
              Collette, Michael R. and Lee, Gregory L. and
              Moody, Adam and de Supinski, Bronis R. and Futral, Scott},
    doi = {10.1145/2807591.2807623},
    month = {November 15-20},
    note = {LLNL-CONF-669890},
    series = {Supercomputing 2015 (SC’15)},
    title = {{The Spack Package Manager: Bringing Order to HPC Software Chaos}},
    url = {https://github.com/spack/spack},
    year = {2015}
}
@INPROCEEDINGS{xiong,

  author={Xiong, Chong and Xu, Ning},

  booktitle={2020 IEEE 9th Joint International Information Technology and Artificial Intelligence Conference (ITAIC)}, 

  title={Performance Comparison of BLAS on CPU, GPU and FPGA}, 

  year={2020},

  volume={9},

  number={},

  pages={193-197},

  keywords={Performance evaluation;Graphics processing units;Throughput;Libraries;Kernel;Field programmable gate arrays;Standards;BLAS;FPGA;dot-product;matrix-vector multiplication;matrix-matrix multiplication},

  doi={10.1109/ITAIC49862.2020.9338793}}

@INPROCEEDINGS{kestur,

  author={Kestur, Srinidhi and Davis, John D. and Williams, Oliver},

  booktitle={2010 IEEE Computer Society Annual Symposium on VLSI}, 

  title={BLAS Comparison on FPGA, CPU and GPU}, 

  year={2010},

  volume={},

  number={},

  pages={288-293},

  keywords={Field programmable gate arrays;Adders;Random access memory;Kernel;Pipelines;Graphics processing unit;Libraries},

  doi={10.1109/ISVLSI.2010.84}}

@misc{intel-hybrid,
  title        = "How Intel® Core™ Processors Work",
  author       = "{Intel}",
  howpublished = "\url{https://www.intel.com/content/www/us/en/gaming/resources/how-hybrid-design-works.html}",
  note         = "Accessed: 2024-27-08"
}

@inproceedings{nesi,
  TITLE = {{Summarizing task-based applications behavior over many nodes through progression clustering}},
  AUTHOR = {Leandro Nesi, Lucas and Garcia Pinto, Vinicius and Schnorr, Lucas Mello and Legrand, Arnaud},
  URL = {https://hal.science/hal-04005071},
  BOOKTITLE = {{PDP 2023 - 31st Euromicro International Conference on Parallel, Distributed, and Network-Based Processing}},
  ADDRESS = {Naples, Italy},
  PAGES = {1-8},
  YEAR = {2023},
  MONTH = Mar,
  KEYWORDS = {HPC ; Visualization ; Performance Analysis ; Task-Based ; Heterogeneity},
  PDF = {https://hal.science/hal-04005071/file/PDP.pdf},
  HAL_ID = {hal-04005071},
  HAL_VERSION = {v1},
}

@inproceedings{starpu,
author = {Augonnet, Cédric and Thibault, Samuel and Namyst, Raymond and Wacrenier, Pierre-André},
year = {2009},
month = {08},
pages = {},
title = {STARPU: A Unified Platform for Task Scheduling on Heterogeneous Multicore Architectures},
volume = {23},
isbn = {978-3-642-03868-6},
journal = {Concurrency and Computation: Practice and Experience},
doi = {10.1007/978-3-642-03869-3_80}
}

@inproceedings{NesiLS21,
  author       = {Lucas Leandro Nesi and
Arnaud Legrand and
Lucas Mello Schnorr},
  editor       = {Xian{-}He Sun and
Sameer Shende and
Laxmikant V. Kal{\'{e}} and
Yong Chen},
  title        = {Exploiting system level heterogeneity to improve the performance of
a GeoStatistics multi-phase task-based application},
  booktitle    = {{ICPP} 2021: 50th International Conference on Parallel Processing,
Lemont, IL, USA, August 9 - 12, 2021},
  pages        = {4:1--4:10},
  publisher    = {{ACM}},
  year         = {2021},
  url          = {https://doi.org/10.1145/3472456.3472516},
  doi          = {10.1145/3472456.3472516},
  timestamp    = {Thu, 07 Oct 2021 14:56:30 +0200},
  biburl       = {https://dblp.org/rec/conf/icpp/NesiLS21.bib},
  bibsource    = {dblp computer science bibliography, https://dblp.org}
}

@inproceedings{subhlok1993exploiting,
  title={Exploiting task and data parallelism on a multicomputer},
  author={Subhlok, Jaspal and Stichnoth, James M and O'hallaron, David R and Gross, Thomas},
  booktitle={Proceedings of the fourth ACM SIGPLAN symposium on Principles and practice of parallel programming},
  pages={13--22},
  year={1993}
}

@incollection{chameleon,
  TITLE = {{Faster, Cheaper, Better -- a Hybridization Methodology to Develop Linear Algebra Software for GPUs}},
  AUTHOR = {Agullo, Emmanuel and Augonnet, C{\'e}dric and Dongarra, Jack and Ltaief, Hatem and Namyst, Raymond and Thibault, Samuel and Tomov, Stanimire},
  URL = {https://inria.hal.science/inria-00547847},
  BOOKTITLE = {{GPU Computing Gems}},
  EDITOR = {Wen-mei W. Hwu},
  PUBLISHER = {{Morgan Kaufmann}},
  VOLUME = {2},
  YEAR = {2010},
  MONTH = Sep,
  PDF = {https://inria.hal.science/inria-00547847/file/gpucomputinggems_plagma.pdf},
  HAL_ID = {inria-00547847},
  HAL_VERSION = {v1},
}


@inproceedings{nesi:ipdps,
  TITLE = {{Multi-Phase Task-Based HPC Applications: Quickly Learning how to Run Fast}},
  AUTHOR = {Nesi, Lucas and Mello Schnorr, Lucas and Legrand, Arnaud},
  URL = {https://inria.hal.science/hal-03608579},
  BOOKTITLE = {{IPDPS 2022 - 36th IEEE International Parallel \& Distributed Processing Symposium}},
  ADDRESS = {Lyon, France},
  PUBLISHER = {{IEEE}},
  PAGES = {1-11},
  YEAR = {2022},
  MONTH = May,
  KEYWORDS = {HPC ; Heterogeneous ; Task-Based ; Distribution ; Load Balancing},
  PDF = {https://inria.hal.science/hal-03608579/file/2022029591.pdf},
  HAL_ID = {hal-03608579},
  HAL_VERSION = {v1},
}
